<record><leader>00000cas a22000007a 4500</leader><controlfield tag="001">9374095</controlfield><controlfield tag="008">830404d19041924mtuwr ne      0   a0eng d</controlfield><datafield ind1=" " ind2=" " tag="010"><subfield code="a">sn 83025305 </subfield></datafield><datafield ind1=" " ind2=" " tag="040"><subfield code="a">NPV</subfield><subfield code="b">eng</subfield><subfield code="c">NPV</subfield><subfield code="d">MTL</subfield><subfield code="d">OCLCQ</subfield><subfield code="d">DLC</subfield></datafield><datafield ind1=" " ind2=" " tag="042"><subfield code="a">msc</subfield></datafield><datafield ind1=" " ind2=" " tag="043"><subfield code="a">n-us-mt</subfield></datafield><datafield ind1=" " ind2=" " tag="045"><subfield code="a">x0x-</subfield></datafield><datafield ind1=" " ind2=" " tag="052"><subfield code="a">4253</subfield><subfield code="b">V3</subfield></datafield><datafield ind1="0" ind2=" " tag="130"><subfield code="a">Valley County news (Glasgow, Mont. : 1904)</subfield></datafield><datafield ind1="0" ind2="0" tag="245"><subfield code="a">Valley County news.</subfield></datafield><datafield ind1=" " ind2=" " tag="260"><subfield code="a">Glasgow, Mont. :</subfield><subfield code="b">Shanley &amp; Rhodes,</subfield><subfield code="c">1904-</subfield></datafield><datafield ind1=" " ind2=" " tag="300"><subfield code="a">v. :</subfield><subfield code="b">ill. ;</subfield><subfield code="c">55 cm.</subfield></datafield><datafield ind1=" " ind2=" " tag="310"><subfield code="a">Weekly</subfield><subfield code="b">Jan. 30, 1920-</subfield></datafield><datafield ind1=" " ind2=" " tag="321"><subfield code="a">Weekly</subfield><subfield code="b">Apr. 22, 1904-May 21, 1915</subfield></datafield><datafield ind1=" " ind2=" " tag="321"><subfield code="a">Semiweekly</subfield><subfield code="b">May 25, 1915-Jan. 23, 1920</subfield></datafield><datafield ind1="0" ind2=" " tag="362"><subfield code="a">Vol. 1, no. 1 (Apr. 22, 1904)-</subfield></datafield><datafield ind1=" " ind2=" " tag="500"><subfield code="a">"Official paper of the city of Glasgow."</subfield></datafield><datafield ind1=" " ind2=" " tag="752"><subfield code="a">United States</subfield><subfield code="b">Montana</subfield><subfield code="c">Valley</subfield><subfield code="d">Glasgow.</subfield></datafield><datafield ind1="0" ind2="4" tag="785"><subfield code="t">Glasgow courier</subfield><subfield code="g">Feb. 29, 1924</subfield><subfield code="x">2378-8305</subfield><subfield code="w">(DLC)sn 85042379</subfield><subfield code="w">(OCoLC)12317058</subfield></datafield></record>